@article{article,
author = {Sanchez, F and Lecompte, C},
year = {1974},
month = {05},
pages = {1071-6},
title = {Q-Switched Nd^3+ Glass Laser of Variable Temporal Coherence},
volume = {13},
journal = {Applied optics},
doi = {10.1364/AO.13.001071}
}

@article{article,
author = {Lecompte, C. and Mainfray, G. and Manus, C. and Sanchez, F.},
year = {1975},
month = {03},
pages = {},
title = {Laser temporal-coherence effects on multiphoton ionization processes},
volume = {11},
journal = {Phys. Rev. A},
doi = {10.1103/PhysRevA.11.1009}
}

@article{article,
author = {Mainfray, G. and Manus, C. and Sanchez, F.},
year = {1974},
month = {10},
pages = {707 - 707},
title = {Experimental Demonstration of Laser Temporal Coherence Effects on Multiphoton Ionization Processes},
volume = {QE10},
journal = {Quantum Electronics, IEEE Journal of},
doi = {10.1109/JQE.1974.1068290}
}

@article{article,
author = {Sanchez, F.},
year = {1975},
month = {06},
pages = {305-322},
title = {High-order multimode radiation statistics of aTEM00Q-switched neodymium laser},
volume = {27},
journal = {Il Nuovo Cimento B},
doi = {10.1007/BF02738949}
}

@article{article,
author = {Quinn, Terry and Parks, H. and Speake, Clive and Davis, Richard},
year = {2013},
month = {05},
pages = {},
title = {An Improved Determination of G Using Two Methods.},
journal = {Physical Review Letters},
doi = {10.1103/PhysRevLett.111.101102}
}

@article{article,
author = {Kotov, V.},
year = {2019},
month = {07},
pages = {},
title = {Superfast Exoplanets and 9600 s},
volume = {123},
journal = {Earth, Moon, and Planets},
doi = {10.1007/s11038-019-09526-3}
}

@article{article,
author = {Kotov, Valery and Sanchez, Francis},
year = {2017},
month = {01},
pages = {},
title = {Solar 22 years cycle},
volume = {362},
journal = {Astrophysics and Space Science},
doi = {10.1007/s10509-016-2985-8}
}

@article{article,
author = {Sanchez, Francis and Kotov, V.A.},
year = {2014},
month = {01},
pages = {44-77},
title = {Cosmic oscillation and coherent quantum cosmology},
volume = {2},
journal = {Bull. Acad. Internat. Concorde (Paris)}
}

@article{article,
author = {Kotov, V. and Sanchez, Francis and Bizouard, K.},
year = {2012},
month = {06},
pages = {},
title = {On possible cosmic origin of the 11-year solar cycle},
volume = {108},
journal = {Bulletin of the Crimean Astrophysical Observatory},
doi = {10.3103/S0190271712010123}
}

@article{article,
author = {Sanchez, Francis and Kotov, Valery and Bizouard, Ch},
year = {2011},
month = {01},
pages = {},
title = {Towards a synthesis of two cosmologies: The steady-state flickering Universe},
volume = {17},
journal = {J. Cosmology}
}

@article{article,
author = {Carr, Bernard and Rees, Martin},
year = {1979},
month = {04},
pages = {605-612},
title = {The Anthropic Principle and the Structure of the Physical World},
volume = {278},
journal = {Nature},
doi = {10.1038/278605a0}
}

@article{article,
author = {Maruani, Jean},
year = {2015},
month = {12},
pages = {n/a-n/a},
title = {The Dirac Electron: From Quantum Chemistry to Holistic Cosmology},
volume = {63},
journal = {Journal of the Chinese Chemical Society},
doi = {10.1002/jccs.201500374}
}

@inproceedings{inproceedings,
author = {Maruani, Jean},
year = {2018},
month = {01},
pages = {},
title = {The Dirac electron and elementary interactions: the gyromagnetic factor, fine-structure constant, and gravitational invariant-deviations from whole numbers}
}

@article{article,
author = {Kotov, V.},
year = {2013},
month = {06},
pages = {},
title = {The newtonian constant},
volume = {109},
journal = {Bulletin of the Crimean Astrophysical Observatory},
doi = {10.3103/S0190271713010129}
}

@article{article,
author = {Veysseyre, Renée and Veysseyre, Henri and Weigel, Dominique},
year = {1994},
month = {11},
pages = {53-70},
title = {Counting, types and symbols of crystallographic Point Symmetry Operations of space E n},
volume = {5},
journal = {Applicable Algebra in Engineering, Communication and Computing - AAECC},
doi = {10.1007/BF01196625}
}

@article{article,
author = {Weigel, D. and Veysseyre, R. and Carel, C.},
year = {1987},
month = {01},
pages = {349-352},
title = {Sur les symboles du groupe d'espace d'une wustite de tri- incommensurabilite cubique et sur les groupes de Bravais de sa famille cristalline dans l'espace euclidien a six dimensions.},
volume = {305},
journal = {Comptes Rendus de l'Academie des Sciences, Paris, Serie II}
}

@article{article,
author = {Sternheimer, Joël},
year = {1987},
month = {01},
pages = {180-182},
title = {Musique des particules élémentaires},
journal = {Le Cahier (Collège International de Philosophie)},
doi = {10.2307/40972431}
}

@article{article,
author = {Cartan, Henri},
year = {2020},
month = {04},
pages = {},
title = {Démonstration homologique des théorèmes de périodicité de Bott. I, II, III}
}

